<?xml version="1.0" encoding="UTF-8"?><collection xmlns="http://www.loc.gov/MARC21/slim"><record><leader>00430nam--2200133-i-4500</leader><controlfield tag="001">000029743</controlfield><controlfield tag="002">20161230</controlfield><controlfield tag="005">20161230201037</controlfield><controlfield tag="008">060222s1000------------r-----000-0-eng-d</controlfield><datafield ind1=" " ind2=" " tag="080"><subfield code="a">57.01</subfield></datafield><datafield ind1=" " ind2=" " tag="100"><subfield code="a">Kupfer, Bern-olaf</subfield></datafield><datafield ind1=" " ind2=" " tag="245"><subfield code="a">Molecular theory of evolution.outline of a physico-chemical theory of the origin of life.translated by paul woolley.with 76 figures</subfield></datafield><datafield ind1=" " ind2=" " tag="260"><subfield code="a">Berlin, Springer-verlag, 1983. Ix+321p</subfield></datafield><datafield ind1=" " ind2=" " tag="852"><subfield code="a">71239</subfield></datafield></record></collection>